<record><leader>00000cas a2200000 a 4500</leader><controlfield tag="001">17560562</controlfield><controlfield tag="008">880301d18721997iluwr ne      0   a0eng c</controlfield><datafield ind1=" " ind2=" " tag="010"><subfield code="a">sn 88086094 </subfield></datafield><datafield ind1=" " ind2=" " tag="040"><subfield code="a">NPV</subfield><subfield code="b">eng</subfield><subfield code="c">NPV</subfield><subfield code="d">NVF</subfield><subfield code="d">CVF</subfield><subfield code="d">NVF</subfield><subfield code="d">CVF</subfield><subfield code="d">NVF</subfield><subfield code="d">OCLCO</subfield><subfield code="d">OCLCQ</subfield><subfield code="d">OCLCF</subfield><subfield code="d">NVF</subfield></datafield><datafield ind1=" " ind2=" " tag="042"><subfield code="a">pcc</subfield></datafield><datafield ind1=" " ind2=" " tag="043"><subfield code="a">n-us-il</subfield></datafield><datafield ind1="0" ind2="0" tag="245"><subfield code="a">Wilmington advocate.</subfield></datafield><datafield ind1=" " ind2=" " tag="260"><subfield code="a">Wilmington, Ill. :</subfield><subfield code="b">Edward D. Conley,</subfield><subfield code="c">1872-1997.</subfield></datafield><datafield ind1=" " ind2=" " tag="300"><subfield code="a">v.</subfield></datafield><datafield ind1=" " ind2=" " tag="310"><subfield code="a">Weekly</subfield></datafield><datafield ind1="0" ind2=" " tag="362"><subfield code="a">Vol. 3, no. 3 (June 8, 1872)-v. 144, no. 44 (Oct. 29, 1997).</subfield></datafield><datafield ind1=" " ind2=" " tag="530"><subfield code="a">Also available via the World Wide Web.</subfield></datafield><datafield ind1=" " ind2=" " tag="580"><subfield code="a">Merged with: Free press (Wilmington, Ill.), to form: Free press advocate (Wilmington, Ill.).</subfield></datafield><datafield ind1=" " ind2="0" tag="651"><subfield code="a">Wilmington (Will County, Ill.)</subfield><subfield code="v">Newspapers.</subfield></datafield><datafield ind1=" " ind2="7" tag="651"><subfield code="a">Illinois</subfield><subfield code="z">Wilmington (Will County)</subfield><subfield code="2">fast</subfield><subfield code="0">(OCoLC)fst01313355</subfield></datafield><datafield ind1=" " ind2="7" tag="655"><subfield code="a">Newspapers.</subfield><subfield code="2">fast</subfield><subfield code="0">(OCoLC)fst01423814</subfield></datafield><datafield ind1=" " ind2=" " tag="752"><subfield code="a">United States</subfield><subfield code="b">Illinois</subfield><subfield code="c">Will</subfield><subfield code="d">Wilmington.</subfield></datafield><datafield ind1="0" ind2="8" tag="776"><subfield code="i">Online.</subfield><subfield code="t">Wilmington advocate</subfield><subfield code="w">(DLC)sn 88086094</subfield><subfield code="w">(OCoLC)233144974</subfield></datafield><datafield ind1="0" ind2="0" tag="780"><subfield code="t">Peoples advocate (Wilmington, Ill.)</subfield><subfield code="w">(DLC)sn 94054461</subfield><subfield code="w">(OCoLC)30797910</subfield></datafield><datafield ind1="1" ind2="7" tag="785"><subfield code="t">Free press (Wilmington, Ill.)</subfield><subfield code="w">(DLC)sn 94054345</subfield><subfield code="w">(OCoLC)30523987</subfield></datafield><datafield ind1="1" ind2="7" tag="785"><subfield code="t">Free press advocate (Wilmington, Ill.)</subfield><subfield code="w">(DLC)sn2003061803</subfield><subfield code="w">(OCoLC)51998852</subfield></datafield><datafield ind1="1" ind2=" " tag="029"><subfield code="a">AU@</subfield><subfield code="b">000020504577</subfield></datafield></record>